
@book{lamport94,
    title = {R{\"o}mpp-Kompakt-Lexikon Biochemie und Molekularbiologie},
    author = {Uwe Bornscheuer, Alfred P{\"u}hler (editors)},
    year = {2000},
    publisher = {Thieme-Verlag, Stuttgart}
}


}
@article{hallo4,
    author = {Evgeny Katz, Joseph Wang},
    title = {Digital biosensors with build-in logic for biomedical applications - biosensors based on a biocomputing concept},
    journal = {Anal. Bioanal. Chem.},
    year = {2010},
    pages = {1591-1603}

}

@article{hallo3,
    author = {Evgeny Katz},
    title = { Enzyme-Based Logic Gates and Networks with Outout Signals Analyzed by Various Methods},
    journal = {ChemPhysChem 16},
    year = {2017},
    pages = {1688-1713}
} 

@article{hallo5,
    author = {Richard A. Durst, Daniel R. Thevenot, Klara Toth, George S. Wilson},
    title = { Electrochemical biosensors: recommended definitions and classifications},
    journal = {Biosensors and Bioelectronics},
    year = {2001},
    pages = {121-131}

}

@article{hallo7,
    author = {Evgeny Katz, Joseph Wang, KM Manesh and others},
    title = { Enzyme logic gates for the digital analysis of physiological level upon injury},
    journal = {Biosensors and Bioelectronics},
    year = {2009}
  
}

@article{hallo,
    author = {Shengbo Sang, Wendong Zhang and Yuan Zhao},
    title = { State of the Art in Biosensors},
    journal = { State of the Art in Biosensors},
    year = {2013},
pages ={ 89-110}
  
}

@article{hallo2,
    author = {Jeremy W. Cannon},
    title = {Hemorrhagic Shock},
    journal = { The New York Journal of Medicine},
    year = {2018},
    pages = {403--422}
}

@article{hallo5,
    author = {Nigel C. Veitch},
    title = {Horseradish peroxidase: a modern view of a classic enzyme},
    journal = {Phytochemistry},
    year = {2004},
    pages = { 249-259 }

}

@article{hallo1,
    author = {Frederic Barrière, Dónal Leech, Marie Pellissier},
    title = { Powering fuel cells through biocatalysis},
    journal = {Electrochemical Sensors, Biosensors and their Biomedical Applications},
    year = {2008},
    pages = {403--422}
}






		
	
	

	